<?xml version="1.0" encoding="UTF-8"?><collection xmlns="http://www.loc.gov/MARC21/slim"><record><leader>00613nam--2200205-i-4500</leader><controlfield tag="001">000025329</controlfield><controlfield tag="002">20161230</controlfield><controlfield tag="005">20161230201035</controlfield><controlfield tag="008">060222s1000------------r-----000-0-eng-d</controlfield><datafield ind1=" " ind2=" " tag="040"><subfield code="a">IFIN-HH</subfield></datafield><datafield ind1=" " ind2=" " tag="080"><subfield code="a">537.1</subfield></datafield><datafield ind1="1" ind2=" " tag="100"><subfield code="a">Page, Leigh</subfield></datafield><datafield ind1="1" ind2="0" tag="245"><subfield code="a">Principles of electricity</subfield><subfield code="b">An intermediate text in electricity and magnetism</subfield><subfield code="c">Leigh page; norman ilsley adams</subfield></datafield><datafield ind1=" " ind2=" " tag="250"><subfield code="a">Third Edition</subfield></datafield><datafield ind1=" " ind2=" " tag="260"><subfield code="a">Toronto</subfield><subfield code="b">D. Van Nostrand Company, Inc</subfield><subfield code="c">1958</subfield></datafield><datafield ind1=" " ind2=" " tag="300"><subfield code="a">XIII+533P</subfield></datafield><datafield ind1=" " ind2=" " tag="490"><subfield code="a">University Physics Series</subfield></datafield><datafield ind1="1" ind2=" " tag="700"><subfield code="a">Adams, Norman Ilsley</subfield></datafield><datafield ind1=" " ind2=" " tag="852"><subfield code="a">14026</subfield><subfield code="c">537:538</subfield></datafield><datafield ind1=" " ind2=" " tag="CAT"><subfield code="a">Sys</subfield><subfield code="c">20110609</subfield><subfield code="h">122128</subfield></datafield></record></collection>